@article{Kuhn55,
  title={The {H}ungarian method for the assignment problem},
  author={Kuhn, Harold W},
  journal={Naval Research Logistics (NRL)},
  volume={2},
  number={1-2},
  pages={83--97},
  year={1955},
  publisher={Wiley Online Library}
}

@article{EK72,
  author    = {Jack Edmonds and
               Richard M. Karp},
  title     = {Theoretical Improvements in Algorithmic Efficiency for Network Flow
               Problems},
  journal   = {J. {ACM}},
  volume    = {19},
  number    = {2},
  pages     = {248--264},
  year      = {1972},
  url       = {https://doi.org/10.1145/321694.321699},
  doi       = {10.1145/321694.321699},
  timestamp = {Wed, 14 Nov 2018 10:35:26 +0100},
  biburl    = {https://dblp.org/rec/bib/journals/jacm/EdmondsK72},
  bibsource = {dblp computer science bibliography, https://dblp.org}
}

@inproceedings{D89,
  author    = {Paul F. Dietz},
  title     = {Fully Persistent Arrays (Extended Array)},
  booktitle = {Algorithms and Data Structures, Workshop {WADS} '89, Ottawa, Canada,
               August 17-19, 1989, Proceedings},
  pages     = {67--74},
  year      = {1989},
  crossref  = {DBLP:conf/wads/1989},
  url       = {https://doi.org/10.1007/3-540-51542-9\_8},
  doi       = {10.1007/3-540-51542-9\_8},
  timestamp = {Fri, 19 May 2017 13:10:44 +0200},
  biburl    = {https://dblp.org/rec/bib/conf/wads/Dietz89a},
  bibsource = {dblp computer science bibliography, https://dblp.org}
}

@article{Vaidya89,
  author    = {Pravin M. Vaidya},
  title     = {Geometry Helps in Matching},
  journal   = {{SIAM} J. Comput.},
  volume    = {18},
  number    = {6},
  pages     = {1201--1225},
  year      = {1989},
  url       = {https://doi.org/10.1137/0218080},
  doi       = {10.1137/0218080},
  timestamp = {Sat, 27 May 2017 14:22:59 +0200},
  biburl    = {https://dblp.org/rec/bib/journals/siamcomp/Vaidya89a},
  bibsource = {dblp computer science bibliography, https://dblp.org}
}

@article{DBLP:journals/siamcomp/GabowT89,
  author    = {Harold N. Gabow and
               Robert Endre Tarjan},
  title     = {Faster Scaling Algorithms for Network Problems},
  journal   = {{SIAM} J. Comput.},
  volume    = {18},
  number    = {5},
  pages     = {1013--1036},
  year      = {1989},
  url       = {https://doi.org/10.1137/0218069},
  doi       = {10.1137/0218069},
  timestamp = {Sat, 27 May 2017 14:22:58 +0200},
  biburl    = {https://dblp.org/rec/bib/journals/siamcomp/GabowT89},
  bibsource = {dblp computer science bibliography, https://dblp.org}
}

@article{GT90,
  author    = {Andrew V. Goldberg and
               Robert E. Tarjan},
  title     = {Finding Minimum-Cost Circulations by Successive Approximation},
  journal   = {Math. Oper. Res.},
  volume    = {15},
  number    = {3},
  pages     = {430--466},
  year      = {1990},
  url       = {https://doi.org/10.1287/moor.15.3.430},
  doi       = {10.1287/moor.15.3.430},
  timestamp = {Sun, 28 May 2017 13:24:37 +0200},
  biburl    = {https://dblp.org/rec/bib/journals/mor/GoldbergT90},
  bibsource = {dblp computer science bibliography, https://dblp.org}
}

@article{DBLP:journals/mp/OrlinA92,
  author    = {James B. Orlin and
               Ravindra K. Ahuja},
  title     = {New scaling algorithms for the assignment and minimum mean cycle problems},
  journal   = {Math. Program.},
  volume    = {54},
  pages     = {41--56},
  year      = {1992},
  url       = {https://doi.org/10.1007/BF01586040},
  doi       = {10.1007/BF01586040},
  timestamp = {Thu, 08 Jun 2017 09:09:41 +0200},
  biburl    = {https://dblp.org/rec/bib/journals/mp/OrlinA92},
  bibsource = {dblp computer science bibliography, https://dblp.org}
}

@article{O93,
  author    = {James B. Orlin},
  title     = {A Faster Strongly Polynomial Minimum Cost Flow Algorithm},
  journal   = {Operations Research},
  volume    = {41},
  number    = {2},
  pages     = {338--350},
  year      = {1993},
  url       = {https://doi.org/10.1287/opre.41.2.338},
  doi       = {10.1287/opre.41.2.338},
  timestamp = {Sat, 27 May 2017 14:23:34 +0200},
  biburl    = {https://dblp.org/rec/bib/journals/ior/Orlin93},
  bibsource = {dblp computer science bibliography, https://dblp.org}
}

@article{DBLP:journals/siamdm/GoldbergK97,
  author    = {Andrew V. Goldberg and
               Robert Kennedy},
  title     = {Global Price Updates Help},
  journal   = {{SIAM} J. Discrete Math.},
  volume    = {10},
  number    = {4},
  pages     = {551--572},
  year      = {1997},
  url       = {https://doi.org/10.1137/S0895480194281185},
  doi       = {10.1137/S0895480194281185},
  timestamp = {Fri, 26 May 2017 22:54:48 +0200},
  biburl    = {https://dblp.org/rec/bib/journals/siamdm/GoldbergK97},
  bibsource = {dblp computer science bibliography, https://dblp.org}
}

@article{DBLP:journals/siamcomp/AgarwalES99,
  author    = {Pankaj K. Agarwal and
               Alon Efrat and
               Micha Sharir},
  title     = {Vertical Decomposition of Shallow Levels in 3-Dimensional Arrangements
               and Its Applications},
  journal   = {{SIAM} J. Comput.},
  volume    = {29},
  number    = {3},
  pages     = {912--953},
  year      = {1999},
  url       = {https://doi.org/10.1137/S0097539795295936},
  doi       = {10.1137/S0097539795295936},
  timestamp = {Sat, 27 May 2017 14:22:58 +0200},
  biburl    = {https://dblp.org/rec/bib/journals/siamcomp/AgarwalES99},
  bibsource = {dblp computer science bibliography, https://dblp.org}
}

@inproceedings{DBLP:conf/focs/RamshawT12,
  author    = {Lyle Ramshaw and
               Robert Endre Tarjan},
  title     = {A Weight-Scaling Algorithm for Min-Cost Imperfect Matchings in Bipartite
               Graphs},
  booktitle = {53rd Annual {IEEE} Symposium on Foundations of Computer Science, {FOCS}
               2012, New Brunswick, NJ, USA, October 20-23, 2012},
  pages     = {581--590},
  year      = {2012},
  crossref  = {DBLP:conf/focs/2012},
  url       = {https://doi.org/10.1109/FOCS.2012.9},
  doi       = {10.1109/FOCS.2012.9},
  timestamp = {Fri, 19 May 2017 01:25:59 +0200},
  biburl    = {https://dblp.org/rec/bib/conf/focs/RamshawT12},
  bibsource = {dblp computer science bibliography, https://dblp.org}
}

@inproceedings{SA12,
  author    = {R. Sharathkumar and
               Pankaj K. Agarwal},
  title     = {Algorithms for the transportation problem in geometric settings},
  booktitle = {Proceedings of the Twenty-Third Annual {ACM-SIAM} Symposium on Discrete
               Algorithms, {SODA} 2012, Kyoto, Japan, January 17-19, 2012},
  pages     = {306--317},
  year      = {2012},
  crossref  = {DBLP:conf/soda/2012},
  url       = {http://portal.acm.org/citation.cfm?id=2095145&CFID=63838676&CFTOKEN=79617016},
  timestamp = {Wed, 24 May 2017 08:31:21 +0200},
  biburl    = {https://dblp.org/rec/bib/conf/soda/SharathkumarA12},
  bibsource = {dblp computer science bibliography, https://dblp.org}
}

@inproceedings{KMRSS17,
  author    = {Haim Kaplan and
               Wolfgang Mulzer and
               Liam Roditty and
               Paul Seiferth and
               Micha Sharir},
  title     = {Dynamic Planar Voronoi Diagrams for General Distance Functions and
               their Algorithmic Applications},
  booktitle = {Proceedings of the Twenty-Eighth Annual {ACM-SIAM} Symposium on Discrete
               Algorithms, {SODA} 2017, Barcelona, Spain, Hotel Porta Fira, January
               16-19},
  pages     = {2495--2504},
  year      = {2017},
  crossref  = {DBLP:conf/soda/2017},
  url       = {https://doi.org/10.1137/1.9781611974782.165},
  doi       = {10.1137/1.9781611974782.165},
  timestamp = {Wed, 24 May 2017 08:31:21 +0200},
  biburl    = {https://dblp.org/rec/bib/conf/soda/KaplanMRSS17},
  bibsource = {dblp computer science bibliography, https://dblp.org}
}

@article{GHKT17,
  author    = {Andrew V. Goldberg and
               Sagi Hed and
               Haim Kaplan and
               Robert E. Tarjan},
  title     = {Minimum-Cost Flows in Unit-Capacity Networks},
  journal   = {Theory Comput. Syst.},
  volume    = {61},
  number    = {4},
  pages     = {987--1010},
  year      = {2017},
  url       = {https://doi.org/10.1007/s00224-017-9776-7},
  doi       = {10.1007/s00224-017-9776-7},
  timestamp = {Thu, 19 Oct 2017 15:03:30 +0200},
  biburl    = {https://dblp.org/rec/bib/journals/mst/GoldbergHKT17},
  bibsource = {dblp computer science bibliography, https://dblp.org}
}

@inproceedings{AFPVX17,
  author    = {Pankaj K. Agarwal and
               Kyle Fox and
               Debmalya Panigrahi and
               Kasturi R. Varadarajan and
               Allen Xiao},
  title     = {Faster Algorithms for the Geometric Transportation Problem},
  booktitle = {33rd International Symposium on Computational Geometry, SoCG 2017,
               July 4-7, 2017, Brisbane, Australia},
  pages     = {7:1--7:16},
  year      = {2017},
  crossref  = {DBLP:conf/compgeom/2017},
  url       = {https://doi.org/10.4230/LIPIcs.SoCG.2017.7},
  doi       = {10.4230/LIPIcs.SoCG.2017.7},
  timestamp = {Thu, 23 Aug 2018 15:56:18 +0200},
  biburl    = {https://dblp.org/rec/bib/conf/compgeom/AgarwalFPVX17},
  bibsource = {dblp computer science bibliography, https://dblp.org}
}
