@article{Kuhn55,
  title={The {H}ungarian method for the assignment problem},
  author={Kuhn, Harold W},
  journal={Naval Research Logistics (NRL)},
  volume={2},
  number={1-2},
  pages={83--97},
  year={1955},
  publisher={Wiley Online Library}
}

@inproceedings{RT12,
  author    = {Lyle Ramshaw and
               Robert E. Tarjan},
  title     = {A Weight-Scaling Algorithm for Min-Cost Imperfect Matchings in Bipartite
               Graphs},
  booktitle = {53rd Annual {IEEE} Symposium on Foundations of Computer Science, {FOCS}
               2012, New Brunswick, NJ, USA, October 20-23, 2012},
  pages     = {581--590},
  year      = {2012},
  crossref  = {DBLP:conf/focs/2012},
  url       = {https://doi.org/10.1109/FOCS.2012.9},
  doi       = {10.1109/FOCS.2012.9},
  timestamp = {Fri, 19 May 2017 01:25:59 +0200},
  biburl    = {https://dblp.org/rec/bib/conf/focs/RamshawT12},
  bibsource = {dblp computer science bibliography, https://dblp.org}
}

@inproceedings{KMRSS17,
  author    = {Haim Kaplan and
               Wolfgang Mulzer and
               Liam Roditty and
               Paul Seiferth and
               Micha Sharir},
  title     = {Dynamic Planar {V}oronoi Diagrams for General Distance Functions and
               their Algorithmic Applications},
  booktitle = {Proceedings of the Twenty-Eighth Annual {ACM-SIAM} Symposium on Discrete
               Algorithms, {SODA} 2017, Barcelona, Spain, Hotel Porta Fira, January
               16-19},
  pages     = {2495--2504},
  year      = {2017},
  crossref  = {DBLP:conf/soda/2017},
  url       = {https://doi.org/10.1137/1.9781611974782.165},
  doi       = {10.1137/1.9781611974782.165},
  timestamp = {Wed, 24 May 2017 08:31:21 +0200},
  biburl    = {https://dblp.org/rec/bib/conf/soda/KaplanMRSS17},
  bibsource = {dblp computer science bibliography, https://dblp.org}
}

@article{GHKT17,
  author    = {Andrew V. Goldberg and
               Sagi Hed and
               Haim Kaplan and
               Robert E. Tarjan},
  title     = {Minimum-Cost Flows in Unit-Capacity Networks},
  journal   = {Theory Comput. Syst.},
  volume    = {61},
  number    = {4},
  pages     = {987--1010},
  year      = {2017},
  url       = {https://doi.org/10.1007/s00224-017-9776-7},
  doi       = {10.1007/s00224-017-9776-7},
  timestamp = {Thu, 19 Oct 2017 15:03:30 +0200},
  biburl    = {https://dblp.org/rec/bib/journals/mst/GoldbergHKT17},
  bibsource = {dblp computer science bibliography, https://dblp.org}
}
